% Encoding: UTF-8

@Book{ref:dem1,
  author    = {Wolfgang Demtröder},
  publisher = {Springer Spektrum},
  title     = {Experimentalphysik 1: Mechanik und Wärme},
  year      = {2018},
  address   = {Berlin},
  edition   = {8},
  isbn      = {978-3-662-54847-9},
  note      = {eBook},
}

@Misc{ref:knoll,
  author       = {Peter Knoll},
  howpublished = {ÖH-Servicecenter, Uni-Graz},
  title        = {Mechanik und Wärme (Mechanics and Heat): Skriptum zur Vorlesung},
  year         = {o.D.,},
}

@Book{ref:dem2,
  author    = {Wolfgang Demtröder},
  publisher = {Springer Spektrum},
  title     = {Experimentalphysik 2: Elektrizität und Optik},
  year      = {2017},
  address   = {Berlin},
  edition   = {7},
  isbn      = {978-3-662-55790-7},
  note      = {eBook},
}

@Misc{ref:genol2013,
  howpublished = {Schmierstoff Handbuch},
  month        = feb,
  title        = {ProduktInformationen Motoröle: Genol Rasenmäheröl},
  year         = {2013},
  url          = {https://cdn.lagerhaus.at/rwa/lh3/media/download/2014.07.08/1404820306140132.pdf?d=Produktinformationsblatt_GENOL_RASENM_HER_L.pdf&dc=1404820306},
}

@Misc{ref:phyphox,
  author       = {RWTH Aachen University, 2nd Institute of Physics},
  howpublished = {Website},
  title        = {Phyphox: Unterstützte Sensoren},
  year         = {o.D.,},
  url          = {https://phyphox.org/de/unterstutzte-sensoren/},
}

@Comment{jabref-meta: databaseType:bibtex;}
